@misc{bourne, title={What are the frequencies of music notes?}, url={https://www.intmath.com/trigonometric-graphs/music.php}, journal={intmathcom RSS}, author={Bourne, Murray}}

@misc{stephan bernsees blog, title={Stephan Bernsee's Blog}, url={http://blogs.zynaptiq.com/bernsee/pitch-shifting-using-the-ft/}, journal={Stephan Bernsees Blog}}

@misc{from wolfram mathworld, title={Discrete Fourier Transform}, url={http://mathworld.wolfram.com/DiscreteFourierTransform.html}, journal={from Wolfram MathWorld}}