%% LaTeX2e file `final.bib'
%% generated by the `filecontents' environment
%% from source `final' on 2017/12/07.
%%
@book{Labov1972,
    Address = {Philadelphia},
    Author = {William Labov},
    Publisher = {University of Pennsylvania Press},
    Title = {Sociolinguistic Patterns},
    Year = {1972}}

@book{Chomsky1957,
    Address = {The Hague},
    Author = {Noam Chomsky},
    Publisher = {Mouton},
    Title = {Syntactic Structures},
    Year = {1957}}
